@inproceedings{YAO,
  title={How to generate and exchange secrets},
  author={Yao, Andrew Chi-Chih},
  booktitle={Proceedings of the 27th Annual Symposium on Foundations of Computer Science},
  pages={162--167},
  year={1986},
  organization={IEEE Computer Society Press}
}

@misc{GARBLED,
  author = {Roques, Oliver and Risson, Emmanuelle},
  title = {garbled-circuit},
  year = {2022},
  publisher = {GitHub},
  journal = {GitHub repository},
  howpublished = {\url{https://github.com/ojroques/garbled-circuit}},
  commit = {4037a0b}
}

@misc{CRYPTO,
  author = {Python Cryptography Authority},
  title = {cryptography},
  year = {2023},
  publisher = {GitHub},
  journal = {GitHub repository},
  howpublished = {\url{https://github.com/pyca/cryptography}},
  commit = {21c681a}
}