@article{OT,
	author = {Rabin, Michael},
	journal = {IACR Cryptology ePrint Archive},
	pages = {187},
	title = {How To Exchange Secrets with Oblivious Transfer.},
	year = {1981}
}

@INPROCEEDINGS{Yao82,
  	author={Yao, Andrew C.},
  	booktitle={23rd Annual Symposium on Foundations of Computer Science (sfcs 1982)}, 
  	title={Protocols for secure computations}, 
  	year={1982},
  	pages={160-164},
}

@article{Yao86,
  	title={How to generate and exchange secrets},
  	author={Yao, Andrew C.},
  	journal={Proceedings of the 27th Annual Symposium on Foundations of Computer Science},
  	pages={162--167},
  	year={1986},
}

@article{Scoring,
	author = {Haoran He and Zhao Wang and Hemant Jain and Cuiqing Jiang and Shanlin Yang},
	journal = {Decision Support Systems},
	pages = {113910},
	title = {A privacy-preserving decentralized credit scoring method based on multi-party information},
	volume = {166},
	year = {2023}
}

@article{Mining,
	author = {Aldeen, Yousra Abdul Alsahib S. and Salleh, Mazleena and Razzaque, Mohammad Abdur},
	journal = {SpringerPlus},
	number = {1},
	pages = {694},
	title = {A comprehensive review on privacy preserving data mining},
	volume = {4},
	year = {2015}
}

@inproceedings{Analysis,
	address = {Berlin, Heidelberg},
	author = {Bogdanov, Dan and Talviste, Riivo and Willemson, Jan},
	booktitle = {Financial Cryptography and Data Security},
	pages = {57--64},
	title = {Deploying Secure Multi-Party Computation for Financial Data Analysis},
	year = {2012}
}

@article{ScoringMining,
	author = {Viani B. Djeundje and Jonathan Crook and Raffaella Calabrese and Mona Hamid},
	journal = {Expert Systems with Applications},
	title = {Enhancing credit scoring with alternative data},
	volume = {163},
	year = {2021}
}

@article{Applications,
	author = {Chuan Zhao and Shengnan Zhao and Minghao Zhao and Zhenxiang Chen and Chong-Zhi Gao and Hongwei Li and Yu-an Tan},
	journal = {Information Sciences},
	pages = {357-372},
	title = {Secure Multi-Party Computation: Theory, practice and applications},
	volume = {476},
	year = {2019}
}

@inproceedings{Benchmarking,
	author = {Damgard, Ivan and Damgard, Kasper and Nielsen, Kurt and Nordholt, Peter Sebastian and Toft, Tomas},
	booktitle = {Financial Cryptography and Data Security},
	pages = {169--187},
	title = {Confidential Benchmarking Based on Multiparty Computation},
	year = {2017}}

@article{attacks1,
	author = {Lindell, Yehuda and Pinkas, Benny},
	journal = {Journal of Cryptology},
	number = {2},
	pages = {161--188},
	title = {A Proof of Security of Yao's Protocol for Two-Party Computation},
	volume = {22},
	year = {2009}}

@inproceedings{attacks2,
	author = {Huang, Yan and Evans, David and Katz, Jonathan and Malka, Lior},
	title = {Faster Secure Two-Party Computation Using Garbled Circuits},
	year = {2011},
	pages = {35},
	booktitle = {Proceedings of the 20th USENIX Conference on Security}}